Sector,Company,Size,Year,Quarter,Time,Revenue,Costs,Profit,Tax,NetProfit
Technology,Company_1,Small,2018,Q1,2018-Q1,3507015.95,2896974.39,610041.56,178291.62,431749.93
Technology,Company_1,Small,2018,Q2,2018-Q2,3571972.41,2920812.32,651160.08,212505.71,438654.37
Technology,Company_1,Small,2018,Q3,2018-Q3,3171575.74,2515094.15,656481.59,187686.73,468794.86
Technology,Company_1,Small,2018,Q4,2018-Q4,4418791.14,3580643.1,838148.04,213178.8,624969.24
Technology,Company_1,Small,2019,Q1,2019-Q1,3704684.19,3079615.34,625068.86,213917.03,411151.83
Technology,Company_1,Small,2019,Q2,2019-Q2,3834376.33,3090596.5,743779.83,232701.92,511077.91
Technology,Company_1,Small,2019,Q3,2019-Q3,4157192.8,3308105.9,849086.9,228598.7,620488.2
Technology,Company_1,Small,2019,Q4,2019-Q4,4669244.65,3505717.92,1163526.73,380830.25,782696.48
Technology,Company_1,Small,2020,Q1,2020-Q1,4589690.96,3312390.72,1277300.25,430001.04,847299.2
Technology,Company_1,Small,2020,Q2,2020-Q2,4577659.59,3579676.95,997982.64,332738.43,665244.21
Technology,Company_1,Small,2020,Q3,2020-Q3,4031629.57,3212037.16,819592.42,259825.15,559767.26
Technology,Company_1,Small,2020,Q4,2020-Q4,5953843.99,4450306.97,1503537.02,386619.89,1116917.14
Technology,Company_1,Small,2021,Q1,2021-Q1,4812794.09,3705269.19,1107524.9,303994.64,803530.26
Technology,Company_1,Small,2021,Q2,2021-Q2,5213884.07,4220679.96,993204.11,340211.26,652992.85
Technology,Company_1,Small,2021,Q3,2021-Q3,5024933.82,4105660.99,919272.83,259628.64,659644.19
Technology,Company_1,Small,2021,Q4,2021-Q4,6754343.11,5684518.03,1069825.08,355374.77,714450.31
Technology,Company_1,Small,2022,Q1,2022-Q1,5569512.78,4398942.0,1170570.78,300390.54,870180.24
Technology,Company_1,Small,2022,Q2,2022-Q2,6370891.1,4873241.08,1497650.02,481930.94,1015719.08
Technology,Company_1,Small,2022,Q3,2022-Q3,5112687.44,3962922.32,1149765.13,389159.07,760606.06
Technology,Company_1,Small,2022,Q4,2022-Q4,7385585.23,6119468.9,1266116.33,334207.91,931908.42
Technology,Company_2,Large,2018,Q1,2018-Q1,63352891.01,49007962.8,14344928.21,3716640.95,10628287.26
Technology,Company_2,Large,2018,Q2,2018-Q2,61076943.72,50910847.1,10166096.62,3179391.86,6986704.76
Technology,Company_2,Large,2018,Q3,2018-Q3,62511907.69,49176617.8,13335289.88,3418538.51,9916751.38
Technology,Company_2,Large,2018,Q4,2018-Q4,68626118.08,48078208.85,20547909.23,6224196.66,14323712.57
Technology,Company_2,Large,2019,Q1,2019-Q1,64672377.8,46621220.62,18051157.19,4533513.87,13517643.32
Technology,Company_2,Large,2019,Q2,2019-Q2,71931554.16,53786348.08,18145206.07,5510645.25,12634560.82
Technology,Company_2,Large,2019,Q3,2019-Q3,57758152.48,43541314.21,14216838.27,3712801.49,10504036.78
Technology,Company_2,Large,2019,Q4,2019-Q4,71160614.26,55643433.47,15517180.79,5359348.61,10157832.17
Technology,Company_2,Large,2020,Q1,2020-Q1,65183989.23,52831078.49,12352910.74,3706597.24,8646313.5
Technology,Company_2,Large,2020,Q2,2020-Q2,66123721.26,47153210.74,18970510.52,6394045.8,12576464.72
Technology,Company_2,Large,2020,Q3,2020-Q3,59639258.19,44977398.38,14661859.81,4558328.54,10103531.27
Technology,Company_2,Large,2020,Q4,2020-Q4,68823840.57,50628426.22,18195414.35,5530276.08,12665138.27
Technology,Company_2,Large,2021,Q1,2021-Q1,65654145.16,50583035.84,15071109.32,3768639.24,11302470.08
Technology,Company_2,Large,2021,Q2,2021-Q2,69936769.22,59241932.77,10694836.45,3667364.89,7027471.56
Technology,Company_2,Large,2021,Q3,2021-Q3,68573841.97,49733190.59,18840651.38,5289539.49,13551111.89
Technology,Company_2,Large,2021,Q4,2021-Q4,69156930.25,49675323.42,19481606.83,6715211.39,12766395.44
Technology,Company_2,Large,2022,Q1,2022-Q1,58504613.34,45464018.72,13040594.62,3350405.9,9690188.73
Technology,Company_2,Large,2022,Q2,2022-Q2,78228921.01,57508022.7,20720898.31,5446263.23,15274635.09
Technology,Company_2,Large,2022,Q3,2022-Q3,65064604.14,49939000.55,15125603.6,4182315.05,10943288.55
Technology,Company_2,Large,2022,Q4,2022-Q4,83615577.13,65766102.1,17849475.03,4840417.44,13009057.6
Finance,Company_3,Large,2018,Q1,2018-Q1,78766769.01,67333881.65,11432887.36,3141649.54,8291237.83
Finance,Company_3,Large,2018,Q2,2018-Q2,70461450.03,63267094.58,7194355.45,2197099.69,4997255.75
Finance,Company_3,Large,2018,Q3,2018-Q3,77813154.54,69975884.9,7837269.64,2514071.45,5323198.19
Finance,Company_3,Large,2018,Q4,2018-Q4,81099552.52,72442983.63,8656568.9,2191335.07,6465233.83
Finance,Company_3,Large,2019,Q1,2019-Q1,74085063.74,62867428.47,11217635.26,3116794.45,8100840.81
Finance,Company_3,Large,2019,Q2,2019-Q2,80922527.87,68466657.8,12455870.07,4014966.08,8440904.0
Finance,Company_3,Large,2019,Q3,2019-Q3,86538158.73,72897913.34,13640245.39,3741515.55,9898729.84
Finance,Company_3,Large,2019,Q4,2019-Q4,93012577.5,79925150.13,13087427.37,3395305.04,9692122.33
Finance,Company_3,Large,2020,Q1,2020-Q1,83190506.71,71924036.63,11266470.08,3279784.67,7986685.41
Finance,Company_3,Large,2020,Q2,2020-Q2,91539473.86,81889646.28,9649827.58,3043030.18,6606797.41
Finance,Company_3,Large,2020,Q3,2020-Q3,86992675.92,77766122.46,9226553.46,2978528.53,6248024.94
Finance,Company_3,Large,2020,Q4,2020-Q4,104235269.55,92672773.89,11562495.66,3112149.85,8450345.81
Finance,Company_3,Large,2021,Q1,2021-Q1,85385622.61,75650105.08,9735517.53,2612514.48,7123003.05
Finance,Company_3,Large,2021,Q2,2021-Q2,89044947.09,72353596.83,16691350.26,4298665.12,12392685.14
Finance,Company_3,Large,2021,Q3,2021-Q3,94339846.39,76830683.24,17509163.15,4548720.78,12960442.38
Finance,Company_3,Large,2021,Q4,2021-Q4,106522913.3,90112121.77,16410791.54,4126916.69,12283874.84
Finance,Company_3,Large,2022,Q1,2022-Q1,81876707.44,67519090.46,14357616.97,3928788.86,10428828.11
Finance,Company_3,Large,2022,Q2,2022-Q2,92560659.59,78849108.37,13711551.23,4613457.62,9098093.6
Finance,Company_3,Large,2022,Q3,2022-Q3,100952552.75,89195243.7,11757309.04,2941861.41,8815447.64
Finance,Company_3,Large,2022,Q4,2022-Q4,106308006.51,85827576.92,20480429.59,6728086.05,13752343.54
Healthcare,Company_4,Medium,2018,Q1,2018-Q1,10332173.09,7791158.85,2541014.24,782424.1,1758590.14
Healthcare,Company_4,Medium,2018,Q2,2018-Q2,11250538.38,8806507.17,2444031.21,624979.17,1819052.04
Healthcare,Company_4,Medium,2018,Q3,2018-Q3,11048842.04,9000712.12,2048129.92,686680.59,1361449.33
Healthcare,Company_4,Medium,2018,Q4,2018-Q4,11341590.16,8564020.47,2777569.69,716643.94,2060925.75
Healthcare,Company_4,Medium,2019,Q1,2019-Q1,11072506.4,8887296.73,2185209.67,693850.52,1491359.15
Healthcare,Company_4,Medium,2019,Q2,2019-Q2,11590543.64,10019036.77,1571506.87,532785.98,1038720.89
Healthcare,Company_4,Medium,2019,Q3,2019-Q3,11315010.54,9082700.52,2232310.03,696342.66,1535967.37
Healthcare,Company_4,Medium,2019,Q4,2019-Q4,13141214.68,10567147.74,2574066.93,778084.5,1795982.43
Healthcare,Company_4,Medium,2020,Q1,2020-Q1,14087937.8,12023298.44,2064639.35,664027.62,1400611.74
Healthcare,Company_4,Medium,2020,Q2,2020-Q2,12724318.2,10542706.36,2181611.84,691939.69,1489672.15
Healthcare,Company_4,Medium,2020,Q3,2020-Q3,12553359.55,10530975.22,2022384.33,657651.98,1364732.35
Healthcare,Company_4,Medium,2020,Q4,2020-Q4,13400102.2,10993750.47,2406351.73,841851.19,1564500.54
Healthcare,Company_4,Medium,2021,Q1,2021-Q1,15629215.02,13604858.24,2024356.79,549239.23,1475117.55
Healthcare,Company_4,Medium,2021,Q2,2021-Q2,14036836.31,10649414.77,3387421.54,1145241.21,2242180.33
Healthcare,Company_4,Medium,2021,Q3,2021-Q3,15433123.41,12839764.17,2593359.24,689249.23,1904110.01
Healthcare,Company_4,Medium,2021,Q4,2021-Q4,17147231.76,13521274.87,3625956.89,1128280.94,2497675.95
Healthcare,Company_4,Medium,2022,Q1,2022-Q1,17117790.18,13608353.54,3509436.64,880104.63,2629332.01
Healthcare,Company_4,Medium,2022,Q2,2022-Q2,17182039.06,14451482.51,2730556.55,863781.18,1866775.37
Healthcare,Company_4,Medium,2022,Q3,2022-Q3,17118094.01,14765077.7,2353016.31,615414.63,1737601.68
Healthcare,Company_4,Medium,2022,Q4,2022-Q4,16247810.6,13129545.84,3118264.75,864491.57,2253773.18
Healthcare,Company_5,Large,2018,Q1,2018-Q1,35997222.21,31439835.07,4557387.14,1428414.76,3128972.38
Healthcare,Company_5,Large,2018,Q2,2018-Q2,40374990.17,35298591.02,5076399.16,1438426.4,3637972.75
Healthcare,Company_5,Large,2018,Q3,2018-Q3,31597465.61,23781082.56,7816383.05,2080394.43,5735988.63
Healthcare,Company_5,Large,2018,Q4,2018-Q4,39614719.84,31226827.09,8387892.75,2567455.85,5820436.9
Healthcare,Company_5,Large,2019,Q1,2019-Q1,31635568.22,23952660.98,7682907.23,2451630.78,5231276.46
Healthcare,Company_5,Large,2019,Q2,2019-Q2,36297911.95,31772155.51,4525756.44,1298537.27,3227219.17
Healthcare,Company_5,Large,2019,Q3,2019-Q3,35528882.19,29280336.94,6248545.26,1588273.27,4660271.99
Healthcare,Company_5,Large,2019,Q4,2019-Q4,40188215.35,30490741.06,9697474.29,3367153.4,6330320.89
Healthcare,Company_5,Large,2020,Q1,2020-Q1,32093914.93,26749790.26,5344124.67,1700536.11,3643588.56
Healthcare,Company_5,Large,2020,Q2,2020-Q2,41574647.26,34674161.21,6900486.05,2111468.36,4789017.7
Healthcare,Company_5,Large,2020,Q3,2020-Q3,38949958.93,29344945.29,9605013.64,3121127.68,6483885.96
Healthcare,Company_5,Large,2020,Q4,2020-Q4,46194104.75,39229149.2,6964955.56,1854420.65,5110534.91
Healthcare,Company_5,Large,2021,Q1,2021-Q1,38611990.97,33089827.26,5522163.7,1608216.65,3913947.06
Healthcare,Company_5,Large,2021,Q2,2021-Q2,38802607.58,29482867.37,9319740.21,3059098.94,6260641.27
Healthcare,Company_5,Large,2021,Q3,2021-Q3,36682880.24,29086298.62,7596581.62,2457537.86,5139043.75
Healthcare,Company_5,Large,2021,Q4,2021-Q4,41661064.24,35799530.83,5861533.41,1876439.91,3985093.51
Healthcare,Company_5,Large,2022,Q1,2022-Q1,36658967.57,32075342.93,4583624.65,1361652.8,3221971.85
Healthcare,Company_5,Large,2022,Q2,2022-Q2,40161641.89,30546995.13,9614646.75,2739845.91,6874800.84
Healthcare,Company_5,Large,2022,Q3,2022-Q3,40951001.87,31398279.98,9552721.89,2601133.14,6951588.75
Healthcare,Company_5,Large,2022,Q4,2022-Q4,46659011.12,38642966.07,8016045.04,2227340.73,5788704.31
Healthcare,Company_6,Small,2018,Q1,2018-Q1,4745639.13,4105004.29,640634.84,222325.95,418308.88
Healthcare,Company_6,Small,2018,Q2,2018-Q2,4372233.29,3300470.1,1071763.19,296392.51,775370.68
Healthcare,Company_6,Small,2018,Q3,2018-Q3,4473646.56,3684077.97,789568.59,254915.78,534652.82
Healthcare,Company_6,Small,2018,Q4,2018-Q4,5297397.28,4244236.82,1053160.46,317151.17,736009.29
Healthcare,Company_6,Small,2019,Q1,2019-Q1,4594329.79,3698635.59,895694.21,246738.9,648955.31
Healthcare,Company_6,Small,2019,Q2,2019-Q2,5246991.5,4616198.89,630792.62,216082.75,414709.86
Healthcare,Company_6,Small,2019,Q3,2019-Q3,5272200.22,4146448.93,1125751.3,364962.95,760788.35
Healthcare,Company_6,Small,2019,Q4,2019-Q4,6133557.13,5107113.76,1026443.37,263793.26,762650.11
Healthcare,Company_6,Small,2020,Q1,2020-Q1,5235159.95,4382216.25,852943.69,240011.16,612932.53
Healthcare,Company_6,Small,2020,Q2,2020-Q2,5806976.29,4566791.66,1240184.63,347291.66,892892.96
Healthcare,Company_6,Small,2020,Q3,2020-Q3,5424488.11,4485557.62,938930.5,272515.22,666415.27
Healthcare,Company_6,Small,2020,Q4,2020-Q4,6131977.28,5294671.64,837305.64,244530.62,592775.02
Healthcare,Company_6,Small,2021,Q1,2021-Q1,5944771.58,4707953.93,1236817.65,420865.0,815952.65
Healthcare,Company_6,Small,2021,Q2,2021-Q2,5987289.76,5034571.36,952718.4,290382.59,662335.82
Healthcare,Company_6,Small,2021,Q3,2021-Q3,5471589.09,4610914.79,860674.31,252167.95,608506.36
Healthcare,Company_6,Small,2021,Q4,2021-Q4,7001619.5,5565505.21,1436114.3,425806.19,1010308.1
Healthcare,Company_6,Small,2022,Q1,2022-Q1,5821133.13,4960879.2,860253.94,255769.51,604484.42
Healthcare,Company_6,Small,2022,Q2,2022-Q2,6814172.86,5291319.58,1522853.29,406554.83,1116298.45
Healthcare,Company_6,Small,2022,Q3,2022-Q3,6008488.95,4884848.87,1123640.08,352029.79,771610.29
Healthcare,Company_6,Small,2022,Q4,2022-Q4,7183448.63,5557151.41,1626297.21,528731.69,1097565.52
Technology,Company_7,Large,2018,Q1,2018-Q1,38836991.65,30358393.82,8478597.84,2870969.31,5607628.53
Technology,Company_7,Large,2018,Q2,2018-Q2,41276360.98,30637301.03,10639059.94,3068281.98,7570777.96
Technology,Company_7,Large,2018,Q3,2018-Q3,43827910.65,36283562.5,7544348.16,2404853.33,5139494.83
Technology,Company_7,Large,2018,Q4,2018-Q4,55205815.9,39799744.99,15406070.9,5215671.7,10190399.2
Technology,Company_7,Large,2019,Q1,2019-Q1,41182312.49,33653108.0,7529204.49,2487731.88,5041472.61
Technology,Company_7,Large,2019,Q2,2019-Q2,44721564.83,34897020.44,9824544.39,3003761.89,6820782.5
Technology,Company_7,Large,2019,Q3,2019-Q3,51289592.49,42662488.65,8627103.84,2271808.99,6355294.85
Technology,Company_7,Large,2019,Q4,2019-Q4,53791930.28,41437549.33,12354380.95,3779112.83,8575268.12
Technology,Company_7,Large,2020,Q1,2020-Q1,39779336.75,29305934.54,10473402.2,3081875.5,7391526.7
Technology,Company_7,Large,2020,Q2,2020-Q2,48417939.1,34676780.58,13741158.52,4021680.87,9719477.65
Technology,Company_7,Large,2020,Q3,2020-Q3,54178217.19,42427663.93,11750553.26,3124657.66,8625895.6
Technology,Company_7,Large,2020,Q4,2020-Q4,61484020.39,48110602.61,13373417.78,4348736.95,9024680.83
Technology,Company_7,Large,2021,Q1,2021-Q1,46669313.32,37727626.76,8941686.56,2930794.1,6010892.46
Technology,Company_7,Large,2021,Q2,2021-Q2,48059564.26,39125921.82,8933642.43,2626377.05,6307265.38
Technology,Company_7,Large,2021,Q3,2021-Q3,55291758.18,45053160.12,10238598.06,2903510.31,7335087.75
Technology,Company_7,Large,2021,Q4,2021-Q4,65457018.14,54847309.44,10609708.7,2812454.11,7797254.59
Technology,Company_7,Large,2022,Q1,2022-Q1,45168788.75,37358166.11,7810622.63,2119766.18,5690856.46
Technology,Company_7,Large,2022,Q2,2022-Q2,50154384.04,40141953.58,10012430.46,2969611.08,7042819.38
Technology,Company_7,Large,2022,Q3,2022-Q3,51210042.54,37130677.33,14079365.21,4068199.93,10011165.28
Technology,Company_7,Large,2022,Q4,2022-Q4,67696263.32,47935094.14,19761169.18,4978889.73,14782279.46
Consumer Goods,Company_8,Large,2018,Q1,2018-Q1,42308788.11,37030700.5,5278087.61,1607775.32,3670312.29
Consumer Goods,Company_8,Large,2018,Q2,2018-Q2,52142127.3,48385085.27,3757042.03,1021698.14,2735343.89
Consumer Goods,Company_8,Large,2018,Q3,2018-Q3,48688940.69,46113174.88,2575765.81,730520.55,1845245.26
Consumer Goods,Company_8,Large,2018,Q4,2018-Q4,62319888.4,56684197.01,5635691.39,1501936.96,4133754.43
Consumer Goods,Company_8,Large,2019,Q1,2019-Q1,43167174.2,40457882.35,2709291.85,845910.53,1863381.31
Consumer Goods,Company_8,Large,2019,Q2,2019-Q2,46732866.57,42554853.64,4178012.94,1280306.93,2897706.0
Consumer Goods,Company_8,Large,2019,Q3,2019-Q3,45119404.08,39963385.77,5156018.31,1358971.48,3797046.83
Consumer Goods,Company_8,Large,2019,Q4,2019-Q4,60321577.15,57002173.45,3319403.7,955690.8,2363712.9
Consumer Goods,Company_8,Large,2020,Q1,2020-Q1,41368786.55,37948225.79,3420560.76,1115523.44,2305037.32
Consumer Goods,Company_8,Large,2020,Q2,2020-Q2,50889790.4,44518338.65,6371451.75,2122919.48,4248532.27
Consumer Goods,Company_8,Large,2020,Q3,2020-Q3,47853948.97,45069297.86,2784651.12,701560.35,2083090.77
Consumer Goods,Company_8,Large,2020,Q4,2020-Q4,61900799.68,52616250.28,9284549.4,2646059.76,6638489.64
Consumer Goods,Company_8,Large,2021,Q1,2021-Q1,45686896.4,39833340.24,5853556.16,1844897.29,4008658.87
Consumer Goods,Company_8,Large,2021,Q2,2021-Q2,55369604.09,47343161.32,8026442.77,2166626.4,5859816.37
Consumer Goods,Company_8,Large,2021,Q3,2021-Q3,45990162.67,42989845.65,3000317.02,787949.55,2212367.47
Consumer Goods,Company_8,Large,2021,Q4,2021-Q4,64155564.8,57329607.86,6825956.95,1855270.89,4970686.05
Consumer Goods,Company_8,Large,2022,Q1,2022-Q1,46601983.03,40697986.66,5903996.37,1575061.74,4328934.63
Consumer Goods,Company_8,Large,2022,Q2,2022-Q2,54377901.25,47591943.47,6785957.79,1774210.97,5011746.82
Consumer Goods,Company_8,Large,2022,Q3,2022-Q3,54678682.79,46669782.53,8008900.25,2088800.27,5920099.98
Consumer Goods,Company_8,Large,2022,Q4,2022-Q4,56747457.26,52139806.36,4607650.9,1464010.71,3143640.19
Technology,Company_9,Medium,2018,Q1,2018-Q1,9368856.27,6768586.56,2600269.71,806190.64,1794079.07
Technology,Company_9,Medium,2018,Q2,2018-Q2,10156293.59,7134017.74,3022275.85,992102.95,2030172.9
Technology,Company_9,Medium,2018,Q3,2018-Q3,10021664.08,7874455.39,2147208.69,616371.47,1530837.22
Technology,Company_9,Medium,2018,Q4,2018-Q4,11678583.68,9329031.61,2349552.08,787000.24,1562551.84
Technology,Company_9,Medium,2019,Q1,2019-Q1,10214514.07,8520632.72,1693881.35,586216.35,1107665.0
Technology,Company_9,Medium,2019,Q2,2019-Q2,12190690.59,8846709.84,3343980.75,1072517.84,2271462.91
Technology,Company_9,Medium,2019,Q3,2019-Q3,11021047.26,8154811.26,2866236.0,993286.56,1872949.44
Technology,Company_9,Medium,2019,Q4,2019-Q4,12019126.04,8759179.89,3259946.15,990428.01,2269518.14
Technology,Company_9,Medium,2020,Q1,2020-Q1,10329858.15,8105466.02,2224392.13,718706.93,1505685.2
Technology,Company_9,Medium,2020,Q2,2020-Q2,12225170.53,8829544.16,3395626.37,1130991.81,2264634.56
Technology,Company_9,Medium,2020,Q3,2020-Q3,11062007.21,7939814.55,3122192.66,856687.03,2265505.63
Technology,Company_9,Medium,2020,Q4,2020-Q4,13510923.5,10247363.23,3263560.27,939575.51,2323984.76
Technology,Company_9,Medium,2021,Q1,2021-Q1,10138598.85,7323688.6,2814910.24,754913.85,2059996.4
Technology,Company_9,Medium,2021,Q2,2021-Q2,13047979.21,9529267.33,3518711.88,999433.4,2519278.48
Technology,Company_9,Medium,2021,Q3,2021-Q3,14014883.59,10438599.76,3576283.83,992872.44,2583411.39
Technology,Company_9,Medium,2021,Q4,2021-Q4,13256432.12,9382778.22,3873653.9,1001576.97,2872076.93
Technology,Company_9,Medium,2022,Q1,2022-Q1,12621918.68,9803612.4,2818306.28,918250.59,1900055.69
Technology,Company_9,Medium,2022,Q2,2022-Q2,15523496.47,11690971.29,3832525.18,1146239.81,2686285.37
Technology,Company_9,Medium,2022,Q3,2022-Q3,14890937.84,12449449.42,2441488.43,664474.61,1777013.81
Technology,Company_9,Medium,2022,Q4,2022-Q4,16481499.2,13252264.15,3229235.05,995106.73,2234128.32
Consumer Goods,Company_10,Medium,2018,Q1,2018-Q1,12141787.62,11254783.85,887003.77,285729.14,601274.64
Consumer Goods,Company_10,Medium,2018,Q2,2018-Q2,12587922.07,11023393.07,1564529.0,539899.8,1024629.2
Consumer Goods,Company_10,Medium,2018,Q3,2018-Q3,12465478.12,11603439.23,862038.89,279180.32,582858.57
Consumer Goods,Company_10,Medium,2018,Q4,2018-Q4,14207758.69,12659699.91,1548058.78,504699.35,1043359.44
Consumer Goods,Company_10,Medium,2019,Q1,2019-Q1,13570815.68,11561641.99,2009173.69,669582.92,1339590.77
Consumer Goods,Company_10,Medium,2019,Q2,2019-Q2,13215281.02,12077602.49,1137678.53,318807.97,818870.56
Consumer Goods,Company_10,Medium,2019,Q3,2019-Q3,13184600.96,12358476.33,826124.63,210291.32,615833.31
Consumer Goods,Company_10,Medium,2019,Q4,2019-Q4,14279913.87,13148749.56,1131164.31,389583.12,741581.18
Consumer Goods,Company_10,Medium,2020,Q1,2020-Q1,14419785.73,12613286.26,1806499.47,470157.32,1336342.15
Consumer Goods,Company_10,Medium,2020,Q2,2020-Q2,13104972.77,12077098.22,1027874.55,306174.45,721700.1
Consumer Goods,Company_10,Medium,2020,Q3,2020-Q3,12917240.63,11024222.06,1893018.57,521049.27,1371969.3
Consumer Goods,Company_10,Medium,2020,Q4,2020-Q4,17719576.87,16631440.44,1088136.43,279144.36,808992.06
Consumer Goods,Company_10,Medium,2021,Q1,2021-Q1,14767086.82,13176640.33,1590446.49,506787.98,1083658.51
Consumer Goods,Company_10,Medium,2021,Q2,2021-Q2,14240403.09,12373283.92,1867119.17,643992.86,1223126.31
Consumer Goods,Company_10,Medium,2021,Q3,2021-Q3,12896863.43,11931931.77,964931.66,295083.15,669848.51
Consumer Goods,Company_10,Medium,2021,Q4,2021-Q4,17125481.86,15248311.82,1877170.04,585380.15,1291789.89
Consumer Goods,Company_10,Medium,2022,Q1,2022-Q1,16450853.58,15002556.58,1448297.0,493652.67,954644.33
Consumer Goods,Company_10,Medium,2022,Q2,2022-Q2,15480191.43,13795133.68,1685057.75,493524.74,1191533.01
Consumer Goods,Company_10,Medium,2022,Q3,2022-Q3,15027431.12,14185548.89,841882.23,291300.41,550581.82
Consumer Goods,Company_10,Medium,2022,Q4,2022-Q4,16887586.82,14755128.57,2132458.25,666503.03,1465955.22
Energy,Company_11,Medium,2018,Q1,2018-Q1,12544812.42,11175848.11,1368964.31,373929.35,995034.96
Energy,Company_11,Medium,2018,Q2,2018-Q2,14145864.1,12019758.33,2126105.77,628058.31,1498047.47
Energy,Company_11,Medium,2018,Q3,2018-Q3,13151516.36,10884311.93,2267204.43,745417.83,1521786.6
Energy,Company_11,Medium,2018,Q4,2018-Q4,17075722.51,14580646.89,2495075.62,856726.24,1638349.37
Energy,Company_11,Medium,2019,Q1,2019-Q1,12626647.08,10928915.62,1697731.46,534383.85,1163347.61
Energy,Company_11,Medium,2019,Q2,2019-Q2,15295494.99,12807482.11,2488012.88,639770.08,1848242.8
Energy,Company_11,Medium,2019,Q3,2019-Q3,12314396.34,10950439.26,1363957.09,443143.89,920813.19
Energy,Company_11,Medium,2019,Q4,2019-Q4,17582011.44,15668015.06,1913996.38,502300.34,1411696.04
Energy,Company_11,Medium,2020,Q1,2020-Q1,13847599.59,11770828.43,2076771.16,714965.07,1361806.08
Energy,Company_11,Medium,2020,Q2,2020-Q2,14721533.55,12816868.58,1904664.97,491487.72,1413177.25
Energy,Company_11,Medium,2020,Q3,2020-Q3,12472868.39,10936175.25,1536693.14,433704.22,1102988.92
Energy,Company_11,Medium,2020,Q4,2020-Q4,17151574.69,15622808.73,1528765.97,529245.19,999520.78
Energy,Company_11,Medium,2021,Q1,2021-Q1,14824445.42,12785789.0,2038656.41,703496.76,1335159.66
Energy,Company_11,Medium,2021,Q2,2021-Q2,16854628.63,14373152.7,2481475.93,687247.5,1794228.44
Energy,Company_11,Medium,2021,Q3,2021-Q3,12985241.87,10964389.15,2020852.72,600294.47,1420558.25
Energy,Company_11,Medium,2021,Q4,2021-Q4,19362413.13,16039682.1,3322731.03,890986.72,2431744.31
Energy,Company_11,Medium,2022,Q1,2022-Q1,14707313.04,12597130.24,2110182.8,631308.83,1478873.97
Energy,Company_11,Medium,2022,Q2,2022-Q2,14647675.52,12966179.41,1681496.11,476419.7,1205076.4
Energy,Company_11,Medium,2022,Q3,2022-Q3,15392955.45,12841214.28,2551741.17,722092.65,1829648.52
Energy,Company_11,Medium,2022,Q4,2022-Q4,20321130.36,18109748.79,2211381.57,761863.75,1449517.82
Technology,Company_12,Large,2018,Q1,2018-Q1,20465783.31,17392382.19,3073401.12,1035541.78,2037859.34
Technology,Company_12,Large,2018,Q2,2018-Q2,20880994.88,17579070.36,3301924.52,996665.9,2305258.61
Technology,Company_12,Large,2018,Q3,2018-Q3,22696599.96,17594995.19,5101604.77,1500913.02,3600691.76
Technology,Company_12,Large,2018,Q4,2018-Q4,24631654.79,19950201.01,4681453.78,1231696.68,3449757.1
Technology,Company_12,Large,2019,Q1,2019-Q1,18683526.3,13412399.21,5271127.09,1573279.52,3697847.57
Technology,Company_12,Large,2019,Q2,2019-Q2,19349674.52,14618614.44,4731060.08,1560925.15,3170134.93
Technology,Company_12,Large,2019,Q3,2019-Q3,23435513.38,18827798.02,4607715.36,1158229.64,3449485.72
Technology,Company_12,Large,2019,Q4,2019-Q4,26966182.71,22012357.45,4953825.26,1655273.99,3298551.28
Technology,Company_12,Large,2020,Q1,2020-Q1,18277478.97,12939374.7,5338104.26,1680280.25,3657824.01
Technology,Company_12,Large,2020,Q2,2020-Q2,20188075.17,14335593.38,5852481.79,1633931.89,4218549.89
Technology,Company_12,Large,2020,Q3,2020-Q3,23773728.34,18726005.9,5047722.43,1505483.0,3542239.43
Technology,Company_12,Large,2020,Q4,2020-Q4,27736612.91,21675664.54,6060948.37,1602903.84,4458044.53
Technology,Company_12,Large,2021,Q1,2021-Q1,18867143.53,14340790.52,4526353.01,1469386.6,3056966.4
Technology,Company_12,Large,2021,Q2,2021-Q2,20419713.3,17142931.03,3276782.27,1072384.38,2204397.88
Technology,Company_12,Large,2021,Q3,2021-Q3,24827980.72,19838021.22,4989959.51,1640557.67,3349401.83
Technology,Company_12,Large,2021,Q4,2021-Q4,26999228.61,22938955.32,4060273.3,1309864.87,2750408.43
Technology,Company_12,Large,2022,Q1,2022-Q1,21797168.85,16631490.33,5165678.51,1632323.81,3533354.71
Technology,Company_12,Large,2022,Q2,2022-Q2,23990360.88,18784881.78,5205479.1,1553492.67,3651986.43
Technology,Company_12,Large,2022,Q3,2022-Q3,22750105.53,16734274.61,6015830.92,1730880.92,4284950.0
Technology,Company_12,Large,2022,Q4,2022-Q4,31239619.44,22478772.68,8760846.76,3049453.32,5711393.45
Technology,Company_13,Small,2018,Q1,2018-Q1,3199759.32,2534491.56,665267.76,210470.02,454797.74
Technology,Company_13,Small,2018,Q2,2018-Q2,3171158.16,2228935.02,942223.14,282226.8,659996.34
Technology,Company_13,Small,2018,Q3,2018-Q3,2868585.23,2222167.7,646417.53,199754.68,446662.85
Technology,Company_13,Small,2018,Q4,2018-Q4,4080202.08,2933140.76,1147061.32,337271.15,809790.17
Technology,Company_13,Small,2019,Q1,2019-Q1,3249897.92,2539667.79,710230.13,228867.67,481362.46
Technology,Company_13,Small,2019,Q2,2019-Q2,3141005.79,2361354.13,779651.66,206947.71,572703.95
Technology,Company_13,Small,2019,Q3,2019-Q3,3372507.01,2376334.06,996172.96,282769.79,713403.16
Technology,Company_13,Small,2019,Q4,2019-Q4,4235153.24,3187056.58,1048096.66,351297.4,696799.26
Technology,Company_13,Small,2020,Q1,2020-Q1,3714831.78,2678760.26,1036071.51,298389.57,737681.94
Technology,Company_13,Small,2020,Q2,2020-Q2,3307342.09,2454684.12,852657.97,277915.49,574742.48
Technology,Company_13,Small,2020,Q3,2020-Q3,3913378.39,3305298.62,608079.77,156180.47,451899.3
Technology,Company_13,Small,2020,Q4,2020-Q4,4491951.33,3197643.33,1294308.0,452674.64,841633.37
Technology,Company_13,Small,2021,Q1,2021-Q1,3908687.62,3067945.64,840741.98,218462.02,622279.96
Technology,Company_13,Small,2021,Q2,2021-Q2,3783654.24,2720875.39,1062778.85,312847.93,749930.92
Technology,Company_13,Small,2021,Q3,2021-Q3,4060979.57,2901514.64,1159464.94,295198.73,864266.21
Technology,Company_13,Small,2021,Q4,2021-Q4,4976488.76,4011024.23,965464.53,277555.71,687908.82
Technology,Company_13,Small,2022,Q1,2022-Q1,3714686.04,2861515.72,853170.32,261575.88,591594.44
Technology,Company_13,Small,2022,Q2,2022-Q2,4186810.09,3452035.19,734774.9,189496.12,545278.78
Technology,Company_13,Small,2022,Q3,2022-Q3,4507283.05,3412209.09,1095073.96,300141.13,794932.83
Technology,Company_13,Small,2022,Q4,2022-Q4,5459231.13,4523149.56,936081.58,277187.79,658893.79
Technology,Company_14,Medium,2018,Q1,2018-Q1,10170923.27,7203196.91,2967726.36,1035039.59,1932686.77
Technology,Company_14,Medium,2018,Q2,2018-Q2,11070909.01,7812692.21,3258216.8,1039473.31,2218743.49
Technology,Company_14,Medium,2018,Q3,2018-Q3,10530964.66,8474075.06,2056889.59,719782.51,1337107.09
Technology,Company_14,Medium,2018,Q4,2018-Q4,14414803.07,12021974.73,2392828.34,689461.01,1703367.32
Technology,Company_14,Medium,2019,Q1,2019-Q1,11633402.67,9372091.87,2261310.8,723456.43,1537854.37
Technology,Company_14,Medium,2019,Q2,2019-Q2,11231286.64,8148235.18,3083051.46,892791.81,2190259.65
Technology,Company_14,Medium,2019,Q3,2019-Q3,10312005.8,7427117.93,2884887.87,945756.14,1939131.73
Technology,Company_14,Medium,2019,Q4,2019-Q4,15868786.5,11320910.62,4547875.88,1475864.02,3072011.86
Technology,Company_14,Medium,2020,Q1,2020-Q1,13747007.15,9823058.16,3923948.99,1285384.05,2638564.94
Technology,Company_14,Medium,2020,Q2,2020-Q2,12649196.74,9230247.96,3418948.78,929613.72,2489335.05
Technology,Company_14,Medium,2020,Q3,2020-Q3,11551039.0,9384133.16,2166905.84,705452.95,1461452.89
Technology,Company_14,Medium,2020,Q4,2020-Q4,16442155.59,12296623.45,4145532.15,1093085.31,3052446.84
Technology,Company_14,Medium,2021,Q1,2021-Q1,12759271.15,9644494.26,3114776.89,790973.48,2323803.42
Technology,Company_14,Medium,2021,Q2,2021-Q2,15227152.6,12866872.69,2360279.91,676187.44,1684092.47
Technology,Company_14,Medium,2021,Q3,2021-Q3,12281051.88,8763216.14,3517835.74,994393.36,2523442.38
Technology,Company_14,Medium,2021,Q4,2021-Q4,16520027.84,13544453.32,2975574.52,977926.38,1997648.14
Technology,Company_14,Medium,2022,Q1,2022-Q1,16066398.17,12774736.53,3291661.64,988089.27,2303572.37
Technology,Company_14,Medium,2022,Q2,2022-Q2,14794889.53,12210493.62,2584395.91,882325.41,1702070.49
Technology,Company_14,Medium,2022,Q3,2022-Q3,15543236.28,10956308.95,4586927.33,1282111.07,3304816.26
Technology,Company_14,Medium,2022,Q4,2022-Q4,19432799.57,14173606.17,5259193.39,1561102.88,3698090.51
Healthcare,Company_15,Small,2018,Q1,2018-Q1,1540543.52,1282424.29,258119.23,84938.83,173180.4
Healthcare,Company_15,Small,2018,Q2,2018-Q2,1423257.43,1153188.07,270069.36,79799.72,190269.64
Healthcare,Company_15,Small,2018,Q3,2018-Q3,1612190.01,1277814.86,334375.15,103140.02,231235.12
Healthcare,Company_15,Small,2018,Q4,2018-Q4,1988412.45,1506743.5,481668.95,125635.93,356033.01
Healthcare,Company_15,Small,2019,Q1,2019-Q1,1576395.34,1382099.56,194295.78,65754.25,128541.52
Healthcare,Company_15,Small,2019,Q2,2019-Q2,1829919.18,1392599.11,437320.07,119010.85,318309.22
Healthcare,Company_15,Small,2019,Q3,2019-Q3,1630760.43,1260412.78,370347.64,126265.87,244081.78
Healthcare,Company_15,Small,2019,Q4,2019-Q4,2057158.66,1701108.81,356049.86,93989.22,262060.63
Healthcare,Company_15,Small,2020,Q1,2020-Q1,2079613.38,1747774.89,331838.49,99306.8,232531.69
Healthcare,Company_15,Small,2020,Q2,2020-Q2,1905829.92,1457304.83,448525.08,118216.14,330308.94
Healthcare,Company_15,Small,2020,Q3,2020-Q3,2029900.23,1609379.58,420520.64,136380.74,284139.91
Healthcare,Company_15,Small,2020,Q4,2020-Q4,2675068.38,2208305.12,466763.26,151337.21,315426.05
Healthcare,Company_15,Small,2021,Q1,2021-Q1,2037934.23,1683466.17,354468.07,92127.02,262341.05
Healthcare,Company_15,Small,2021,Q2,2021-Q2,2371734.62,1961293.93,410440.69,141664.49,268776.2
Healthcare,Company_15,Small,2021,Q3,2021-Q3,2129802.54,1771636.0,358166.54,105422.13,252744.41
Healthcare,Company_15,Small,2021,Q4,2021-Q4,3069947.44,2360149.42,709798.02,184501.68,525296.34
Healthcare,Company_15,Small,2022,Q1,2022-Q1,2603464.21,2106773.85,496690.37,172741.09,323949.28
Healthcare,Company_15,Small,2022,Q2,2022-Q2,2648323.36,2193452.23,454871.13,122351.63,332519.5
Healthcare,Company_15,Small,2022,Q3,2022-Q3,2490328.49,1916944.51,573383.98,169418.76,403965.22
Healthcare,Company_15,Small,2022,Q4,2022-Q4,3334292.96,2656025.82,678267.14,210069.23,468197.91
Healthcare,Company_16,Small,2018,Q1,2018-Q1,1152543.57,926380.18,226163.4,74929.13,151234.26
Healthcare,Company_16,Small,2018,Q2,2018-Q2,1158649.3,902972.58,255676.73,84082.97,171593.76
Healthcare,Company_16,Small,2018,Q3,2018-Q3,1079303.6,910882.88,168420.72,58678.25,109742.47
Healthcare,Company_16,Small,2018,Q4,2018-Q4,1549770.99,1254961.14,294809.85,97243.44,197566.41
Healthcare,Company_16,Small,2019,Q1,2019-Q1,1138852.3,873911.72,264940.58,69727.15,195213.43
Healthcare,Company_16,Small,2019,Q2,2019-Q2,1288439.25,1001766.54,286672.71,88548.98,198123.72
Healthcare,Company_16,Small,2019,Q3,2019-Q3,1036138.49,876057.4,160081.09,42049.44,118031.65
Healthcare,Company_16,Small,2019,Q4,2019-Q4,1505600.92,1302684.44,202916.48,52018.82,150897.66
Healthcare,Company_16,Small,2020,Q1,2020-Q1,1324330.61,1103081.23,221249.38,68447.17,152802.21
Healthcare,Company_16,Small,2020,Q2,2020-Q2,1422771.13,1211060.69,211710.43,65950.06,145760.37
Healthcare,Company_16,Small,2020,Q3,2020-Q3,1299351.86,989927.17,309424.69,97744.26,211680.43
Healthcare,Company_16,Small,2020,Q4,2020-Q4,1591541.12,1267448.77,324092.34,82032.65,242059.69
Healthcare,Company_16,Small,2021,Q1,2021-Q1,1594273.43,1227353.29,366920.13,107370.87,259549.26
Healthcare,Company_16,Small,2021,Q2,2021-Q2,1434273.45,1129329.46,304943.99,89762.16,215181.83
Healthcare,Company_16,Small,2021,Q3,2021-Q3,1453978.62,1218616.51,235362.12,62331.75,173030.37
Healthcare,Company_16,Small,2021,Q4,2021-Q4,1661199.96,1327030.86,334169.1,103103.35,231065.75
Healthcare,Company_16,Small,2022,Q1,2022-Q1,1637185.99,1359654.19,277531.79,85962.47,191569.32
Healthcare,Company_16,Small,2022,Q2,2022-Q2,1616856.92,1316571.61,300285.32,87989.58,212295.74
Healthcare,Company_16,Small,2022,Q3,2022-Q3,1544195.1,1335923.59,208271.51,65703.68,142567.82
Healthcare,Company_16,Small,2022,Q4,2022-Q4,2092013.7,1691029.94,400983.75,134950.77,266032.98
Consumer Goods,Company_17,Medium,2018,Q1,2018-Q1,9870487.65,8720469.37,1150018.28,330549.87,819468.41
Consumer Goods,Company_17,Medium,2018,Q2,2018-Q2,10605103.99,9096013.56,1509090.43,387403.63,1121686.8
Consumer Goods,Company_17,Medium,2018,Q3,2018-Q3,11454738.53,10775208.96,679529.57,176444.23,503085.34
Consumer Goods,Company_17,Medium,2018,Q4,2018-Q4,13128329.92,11406195.93,1722134.0,526347.99,1195786.0
Consumer Goods,Company_17,Medium,2019,Q1,2019-Q1,10659144.23,9527583.96,1131560.27,320191.5,811368.77
Consumer Goods,Company_17,Medium,2019,Q2,2019-Q2,11020382.69,10079684.94,940697.75,297762.87,642934.88
Consumer Goods,Company_17,Medium,2019,Q3,2019-Q3,11798474.5,10184334.46,1614140.03,519924.3,1094215.73
Consumer Goods,Company_17,Medium,2019,Q4,2019-Q4,14334006.01,12756677.53,1577328.49,449798.28,1127530.21
Consumer Goods,Company_17,Medium,2020,Q1,2020-Q1,11130672.92,10337346.67,793326.25,250432.18,542894.07
Consumer Goods,Company_17,Medium,2020,Q2,2020-Q2,11781669.22,11065086.44,716582.78,239723.7,476859.08
Consumer Goods,Company_17,Medium,2020,Q3,2020-Q3,11441523.86,9996910.61,1444613.25,444088.56,1000524.69
Consumer Goods,Company_17,Medium,2020,Q4,2020-Q4,14551375.29,12593989.53,1957385.76,680102.8,1277282.95
Consumer Goods,Company_17,Medium,2021,Q1,2021-Q1,12194059.4,10836161.52,1357897.87,426746.45,931151.42
Consumer Goods,Company_17,Medium,2021,Q2,2021-Q2,11807086.7,10119754.49,1687332.21,561790.64,1125541.57
Consumer Goods,Company_17,Medium,2021,Q3,2021-Q3,11721625.04,10924066.83,797558.21,255433.87,542124.34
Consumer Goods,Company_17,Medium,2021,Q4,2021-Q4,13791758.85,12633492.93,1158265.91,290273.69,867992.22
Consumer Goods,Company_17,Medium,2022,Q1,2022-Q1,12878275.72,11505038.01,1373237.71,398346.64,974891.06
Consumer Goods,Company_17,Medium,2022,Q2,2022-Q2,12665626.52,11230393.17,1435233.35,363208.35,1072025.0
Consumer Goods,Company_17,Medium,2022,Q3,2022-Q3,13491767.4,12526926.75,964840.65,281717.31,683123.34
Consumer Goods,Company_17,Medium,2022,Q4,2022-Q4,14521832.84,13258356.28,1263476.56,407041.1,856435.46
Consumer Goods,Company_18,Large,2018,Q1,2018-Q1,55104030.45,50012336.63,5091693.82,1582027.97,3509665.85
Consumer Goods,Company_18,Large,2018,Q2,2018-Q2,67411957.26,62588166.81,4823790.45,1453092.73,3370697.72
Consumer Goods,Company_18,Large,2018,Q3,2018-Q3,56251041.05,52814722.49,3436318.57,1092136.92,2344181.65
Consumer Goods,Company_18,Large,2018,Q4,2018-Q4,73250711.33,65728345.95,7522365.38,2112595.68,5409769.7
Consumer Goods,Company_18,Large,2019,Q1,2019-Q1,55937880.73,47634206.31,8303674.42,2121407.76,6182266.66
Consumer Goods,Company_18,Large,2019,Q2,2019-Q2,68600203.48,58685250.83,9914952.65,3239561.58,6675391.06
Consumer Goods,Company_18,Large,2019,Q3,2019-Q3,64965670.52,59836974.3,5128696.22,1343710.38,3784985.84
Consumer Goods,Company_18,Large,2019,Q4,2019-Q4,76401703.41,69291340.59,7110362.82,1869446.42,5240916.39
Consumer Goods,Company_18,Large,2020,Q1,2020-Q1,63392909.1,58764524.88,4628384.23,1415694.79,3212689.43
Consumer Goods,Company_18,Large,2020,Q2,2020-Q2,80108585.33,73265972.96,6842612.37,1982353.51,4860258.87
Consumer Goods,Company_18,Large,2020,Q3,2020-Q3,68768363.99,62330134.99,6438228.99,1905557.56,4532671.43
Consumer Goods,Company_18,Large,2020,Q4,2020-Q4,74397174.2,68348232.87,6048941.34,1771906.88,4277034.46
Consumer Goods,Company_18,Large,2021,Q1,2021-Q1,65670630.17,58183247.98,7487382.19,2088616.65,5398765.54
Consumer Goods,Company_18,Large,2021,Q2,2021-Q2,80821678.02,68971606.09,11850071.93,3166188.94,8683883.0
Consumer Goods,Company_18,Large,2021,Q3,2021-Q3,75967543.89,68673923.54,7293620.35,2326380.47,4967239.88
Consumer Goods,Company_18,Large,2021,Q4,2021-Q4,83990267.23,76122799.96,7867467.27,2050154.29,5817312.98
Consumer Goods,Company_18,Large,2022,Q1,2022-Q1,70252768.64,63926859.38,6325909.26,1631228.75,4694680.51
Consumer Goods,Company_18,Large,2022,Q2,2022-Q2,94066756.12,82347874.24,11718881.88,3189378.15,8529503.73
Consumer Goods,Company_18,Large,2022,Q3,2022-Q3,78255806.88,73745303.55,4510503.33,1413242.03,3097261.3
Consumer Goods,Company_18,Large,2022,Q4,2022-Q4,92380615.43,85970290.29,6410325.14,2100168.82,4310156.32
Technology,Company_19,Medium,2018,Q1,2018-Q1,14974233.81,11020552.5,3953681.31,1247587.7,2706093.61
Technology,Company_19,Medium,2018,Q2,2018-Q2,13922458.89,10220098.19,3702360.7,1108530.12,2593830.58
Technology,Company_19,Medium,2018,Q3,2018-Q3,14579603.11,10730856.55,3848746.55,1134958.89,2713787.66
Technology,Company_19,Medium,2018,Q4,2018-Q4,18634172.51,14261221.04,4372951.47,1371050.74,3001900.73
Technology,Company_19,Medium,2019,Q1,2019-Q1,16352474.15,11779716.82,4572757.32,1430000.63,3142756.69
Technology,Company_19,Medium,2019,Q2,2019-Q2,15053493.54,12641277.5,2412216.04,709724.15,1702491.89
Technology,Company_19,Medium,2019,Q3,2019-Q3,14490222.9,11719677.07,2770545.84,708199.2,2062346.63
Technology,Company_19,Medium,2019,Q4,2019-Q4,18704444.91,15027877.19,3676567.72,1085291.12,2591276.6
Technology,Company_19,Medium,2020,Q1,2020-Q1,15810973.53,11466837.48,4344136.04,1119367.0,3224769.04
Technology,Company_19,Medium,2020,Q2,2020-Q2,18878343.54,13624613.7,5253729.85,1636541.25,3617188.59
Technology,Company_19,Medium,2020,Q3,2020-Q3,16425633.32,12821738.52,3603894.8,1100743.49,2503151.31
Technology,Company_19,Medium,2020,Q4,2020-Q4,21493286.58,15380993.18,6112293.4,1802963.78,4309329.61
Technology,Company_19,Medium,2021,Q1,2021-Q1,20032237.48,15068737.46,4963500.03,1400464.82,3563035.21
Technology,Company_19,Medium,2021,Q2,2021-Q2,19039818.27,15752990.4,3286827.86,842043.79,2444784.08
Technology,Company_19,Medium,2021,Q3,2021-Q3,16420520.08,11742822.53,4677697.55,1330074.19,3347623.35
Technology,Company_19,Medium,2021,Q4,2021-Q4,23027945.33,17830944.5,5197000.82,1388929.09,3808071.74
Technology,Company_19,Medium,2022,Q1,2022-Q1,19475884.8,15275642.62,4200242.18,1234628.34,2965613.84
Technology,Company_19,Medium,2022,Q2,2022-Q2,20898548.91,17266131.76,3632417.15,1043539.68,2588877.47
Technology,Company_19,Medium,2022,Q3,2022-Q3,18550227.27,14630278.4,3919948.87,1112625.41,2807323.46
Technology,Company_19,Medium,2022,Q4,2022-Q4,24479803.17,17909814.71,6569988.47,2067775.99,4502212.48
Consumer Goods,Company_20,Small,2018,Q1,2018-Q1,2030326.93,1898279.88,132047.05,34087.97,97959.08
Consumer Goods,Company_20,Small,2018,Q2,2018-Q2,2245690.53,1927533.12,318157.41,89409.6,228747.8
Consumer Goods,Company_20,Small,2018,Q3,2018-Q3,2337895.06,2066200.06,271695.0,71427.3,200267.7
Consumer Goods,Company_20,Small,2018,Q4,2018-Q4,2885836.68,2717096.32,168740.36,51616.36,117124.0
Consumer Goods,Company_20,Small,2019,Q1,2019-Q1,2263076.24,2075585.68,187490.56,49268.65,138221.91
Consumer Goods,Company_20,Small,2019,Q2,2019-Q2,2502137.35,2140050.9,362086.45,126627.58,235458.88
Consumer Goods,Company_20,Small,2019,Q3,2019-Q3,2713790.84,2552740.12,161050.72,51060.42,109990.3
Consumer Goods,Company_20,Small,2019,Q4,2019-Q4,3068407.61,2909393.36,159014.25,44664.97,114349.28
Consumer Goods,Company_20,Small,2020,Q1,2020-Q1,2652197.26,2428953.24,223244.02,72914.98,150329.04
Consumer Goods,Company_20,Small,2020,Q2,2020-Q2,2495198.3,2120924.39,374273.91,99367.67,274906.24
Consumer Goods,Company_20,Small,2020,Q3,2020-Q3,2658998.7,2316487.72,342510.99,103016.68,239494.31
Consumer Goods,Company_20,Small,2020,Q4,2020-Q4,3414226.23,2991325.15,422901.08,127992.35,294908.73
Consumer Goods,Company_20,Small,2021,Q1,2021-Q1,2777175.59,2394927.15,382248.44,119186.27,263062.17
Consumer Goods,Company_20,Small,2021,Q2,2021-Q2,2997487.29,2801375.86,196111.43,52574.45,143536.98
Consumer Goods,Company_20,Small,2021,Q3,2021-Q3,3183745.41,2825656.68,358088.73,121845.28,236243.46
Consumer Goods,Company_20,Small,2021,Q4,2021-Q4,3911339.99,3698683.4,212656.59,60911.22,151745.38
Consumer Goods,Company_20,Small,2022,Q1,2022-Q1,3105292.13,2648941.94,456350.19,141952.08,314398.11
Consumer Goods,Company_20,Small,2022,Q2,2022-Q2,3415497.11,2977015.47,438481.64,119881.01,318600.63
Consumer Goods,Company_20,Small,2022,Q3,2022-Q3,3212996.18,2742100.54,470895.64,154659.56,316236.08
Consumer Goods,Company_20,Small,2022,Q4,2022-Q4,4476566.83,4165885.85,310680.98,98743.95,211937.03
